@book{spos,
 author = {Casey, Steven},
 title = {Set Phasers on Stun and other true tales of design, technology, and human error},
 year = {1998},
 isbn = {0963617885},
 publisher = {Aegean},
} 

@book{Beck:2004:EPE:1076267,
 author = {Beck, Kent and Andres, Cynthia},
 title = {Extreme Programming Explained: Embrace Change (2nd Edition)},
 year = {2004},
 isbn = {0321278658},
 publisher = {Addison-Wesley Professional},
} 


@InProceedings{royce70:_manag_devel_large_softw_system,
  author = 		 {Winston W. Royce},
  title = 		 {Managing the Development of Large Software Systems},
  booktitle = {Proceedings IEEE WESCON},
  year = 	 1970}


@book{DeathMarch,
 author = {Yourdon, Edward},
 title = {Death March (2nd Edition)},
 year = {2003},
 isbn = {978-0131436350},
 publisher = {Prentice Hall},
} 

@book{Beck,
 author = {Beck, Kent},
 title = {{Test-Driven Development by Example}},
 year = {2003},
 isbn = {978-0321146533},
 publisher = {Addison-Wesley Professional},
} 

@misc{scrum,
  author = {Deemer, Pete and Benefield, Gabrielle and Larman, Craig and Vodde, Bas},
  title = {{The Scrum Primer}},
  url = http://scrumtraininginstitute.com/home/stream_download/scrumprimer,
  year = {2009}, 
  note = {Online; accessed 28-April-2013}
}

@misc{bdd,
	author = {North, Dan},
	title = {Introducing {BDD}},
	url = http://dannorth.net/introducing-bdd/,
	year = {2012},
	note = {Online; accessed 23-November-2013}
}

@misc{bdd2,
	author = {North, Dan},
	title = {What's in a Story?},
	url = http://dannorth.net/whats-in-a-story/,
	year = {2012},
	note = {Online; accessed 23-November-2013}
}

@misc{netobj,
	author = {Alan Shalloway},
	title = {Demystifying Kanban},
	url = http://www.netobjectives.com/files/resources/articles/Demystifying-Kanban.pdf,
	year = {2011},
	note = {Online; accessed 30-November-2013}
}

@misc{kbb,
	author = {David Peterson},
	title = {What is Kanban?},
	url = http://www.kanbanblog.com/explained/,
	year = {2009},
	note = {Online; accessed 30-November-2013}
}


@misc{spolsky:fs1,
  author = {Spolsky, Joel},
  title = {{Painless Functional Specifications - Part 1: Why Bother?}},
  url = http://www.joelonsoftware.com/articles/fog0000000036.html,
  year = {2000}, 
  note = {Online; accessed 30-April-2013}
}

@misc{spolsky:fs2,
  author = {Spolsky, Joel},
  title = {{Painless Functional Specifications - Part 2: What's a Spec?}},
  url = http://www.joelonsoftware.com/articles/fog0000000035.html,
  year = {2000}, 
  note = {Online; accessed 30-April-2013}
}


@misc{spolsky:fs3,
  author = {Spolsky, Joel},
  title = {{PPinless Functional Specifications - Part 3: But... How?}},
  url = http://www.joelonsoftware.com/articles/fog0000000034.html,
  year = {2000}, 
  note = {Online; accessed 30-April-2013}
}

@misc{spolsky:fs4,
  author = {Spolsky, Joel},
  title = {{Painless Functional Specifications - Part 4: Tips}},
  url = http://www.joelonsoftware.com/articles/fog0000000033.html,
  year = {2000}, 
  note = {Online; accessed 30-April-2013}
}

@book{zeller09:_why_progr_fail,
 author = {Andreas Zeller},
 title = {Why Programs Fail: A Guide to Systematic Debugging, Second Edition},
 year = 2009,
 isbn = {978-0-12-374515-6},
 publisher = {Morgan Kaufmann Publishers},
} 

@inproceedings{Brandt:2009:TSO:1518701.1518944,
 author = {Brandt, Joel and Guo, Philip J. and Lewenstein, Joel and Dontcheva, Mira and Klemmer, Scott R.},
 title = {Two studies of opportunistic programming: interleaving web foraging, learning, and writing code},
 booktitle = {Proceedings of the SIGCHI Conference on Human Factors in Computing Systems},
 series = {CHI '09},
 year = {2009},
 isbn = {978-1-60558-246-7},
 location = {Boston, MA, USA},
 pages = {1589--1598},
 numpages = {10},
 acmid = {1518944},
 publisher = {ACM},
 address = {New York, NY, USA},
 keywords = {copy-and-paste, opportunistic programming, prototyping},
} 

@book{dgtd,
 author = {Thorsten Gr\"other and Ulli Holtmann and Holger Keding and Markus Wloka},
 title = {The Developer's Guide to Debugging},
 year = 2008,
 isbn = {978-1-4020-5539-3},
 publisher = {Springer},
} 


@misc{atwood:lic,
  author = {Atwood, Jeff},
  title = {{Pick a License, Any License}},
  url = http://www.codinghorror.com/blog/2007/04/pick-a-license-any-license.html,
  year = {2007}, 
  note = {Online; accessed 7-July-2013}
}

@misc{gpl:violations,
  author = {GPL-Violations.org},
  title = {{Regional Court Hamburg Judgement Against FANTEC}},
  url = {http://http://gpl-violations.org/news/20130626-fantec_judgement.html},
  year = {2013}, 
  note = {Online; accessed 7-July-2013}
}

@misc{techsoup:licenses,
  author = {Ariel Gilbert-Knight},
  title = {{Making Sense of Software Licensing}},
  url = {http://www.techsoup.org/support/articles-and-how-tos/making-sense-of-software-licensing},
  year = {2012}, 
  note = {Online; accessed 7-July-2013}
}

@misc{atwood:tivo,
  author = {Atwood, Jeff},
  title = {{Tivoization and the GPL}},
  url = {http://www.codinghorror.com/blog/2008/02/tivoization-and-the-gpl.html},
  year = {2008}, 
  note = {Online; accessed 8-July-2013}
}


@misc{fosswire,
  author = {Peter Upfold},
  title = {{The differences between the GPL, LGPL and the BSD}},
  url = {http://fosswire.com/post/2007/04/the-differences-between-the-gpl-lgpl-and-the-bsd/},
  year = {2007}, 
  note = {Online; accessed 8-July-2013}
}

@misc{sourcemaking,
  author = {sourcemaking.com},
  title = {{Refactoring}},
  url = http://sourcemaking.com/refactoring,
  year = {2013}, 
  note = {Online; accessed 15-July-2013}
}

@book{fowler,
 author = {Martin Fowler and Kent Beck and John Brant and William Opdyke and Don Roberts},
 title = {Refactoring: Improving the Design of Existing Code},
 year = 1999,
 publisher = {Addison-Wesley Professional}
} 

@misc{sourcemaking2,
  author = {sourcemaking.com},
  title = {{Software Development Antipatterns}},
  url = http://sourcemaking.com/antipatterns/software-development-antipatterns,
  year = {2013}, 
  note = {Online; accessed 15-July-2013}
}

@misc{spolsky:drw,
  author = {Spolsky, Joel},
  title = {{Things You Should Never Do, Part I}},
  url = http://www.joelonsoftware.com/articles/fog0000000069.html,
  year = {2000}, 
  note = {Online; accessed 14-May-2013}
}

@misc{atwood:bfr,
  author = {Atwood, Jeff},
  title = {{That's Not a Bug, It's a Feature Request}},
  url = http://www.codinghorror.com/blog/2008/11/thats-not-a-bug-its-a-feature-request.html,
  year = {2008}, 
  note = {Online; accessed 14-May-2013}
}

@InProceedings{ess,
  author = 		 {Sri Parameswaran and Tilman Wolf},
  title = 		 {Embedded systems security -- an overview},
  booktitle = {Design Automation for Embedded Systems},
  year = 	 2008}

@misc{srsn,
  author = {Matt Stephens},
  title = {{A Self-Referential Safety Net}},
  url = {http://www.softwarereality.com/lifecycle/xp/safety_net.jsp},
  year = {2008}, 
  note = {Online; accessed 30-November-2013}
}

@misc{ivkb,
  author = {Kent Beck},
  title = {{Interview with Kent Beck and Martin Fowler}},
  url = {http://www.informit.com/articles/article.aspx?p=20972},
  year = {2001}, 
  note = {Online; accessed 30-November-2013}
}

@book{mmm,
 author = {Fredrick P. Brooks},
 title = {The Mythical Man-Month},
 year = 1975,
 publisher = {Addison-Wesley Professional}
} 

@misc{aswpm,
  author = {Andrew Stellman and Jennifer Greene},
  title = {{Applied Software Project Management}},
  url = {http://www.stellman-greene.com/aspm/content/view/23/38/},
  year = {2005}, 
  note = {Online; accessed 2-December-2013}
}

@misc{copilotspec,
	author = {Joel Spolsky},
	title = {Project Aardvark Functional Specification},
	url = {http://www.joelonsoftware.com/RandomStuff/copilot_spec.pdf},
	year = {2005},
	note = {Online, accessed 7-December-2013}
}

@book{pswm,
	author = {T. M. Pigosky},
	title = {Practical Software Maintenance},
	year = {1997},
	publisher = {John Wiley \& Sons}	
}

@misc{creativeThink,
	author = {Roger von Oech},
	title = {{Creative Think}},
	url = {http://www.creativethink.com},
	year = {2012},
	note = {Online; accessed 7-December-2013}
}

@misc{lifeClever,
	author = {Chanpory Rith},
	title = {What 50 pounds of clay can teach you about design},
	url = {http://www.lifeclever.com/what-50-pounds-of-clay-can-teach-you-about-design/},
	year = {2007},
	note = {Online; accessed 7-December-2013}
}

@misc{lifeClever2,
	author = {Chanpory Rith},
	title = {Talent isn't everything: 7 habits of highly effective junior designers},
	url = {http://www.lifeclever.com/talent-isnt-everything-7-habits-of-highly-effective-junior-designers/},
	year = {2006},
	note = {Online; accessed 7-December-2013}
}

@book{UMLDistilled,
	author = {Martin Fowler},
	title = {UML Distilled, Second Edition},
	year = {2000},
	publisher = {Addison-Wesley Professional}	
}

@book{peaa,
	author = {Martin Fowler},
	title = {{Patterns of Enterprise Application Architecture}},
	year = {2002},
	publisher = {Addison-Wesley Professional}
}

@InProceedings{threeTier,
  author = 		 {Wayne W. Eckerson},
  title = 		 {{Three Tier Client/Server Architecture: Achieving Scalability, Performance, and Efficiency in Client Server Applications}},
  booktitle = {Open Information Systems 10},
  year = 	 1995
  }

@book{posa,
	author = {Frank Buschmann},
	title = {{Pattern-Oriented Software Architecture}},
	year = {1996}
}

@misc{howToProgrammer,
	author = {Robert L. Read},
	title = {{How to be a Programmer: A Short, Comprehensive, and Personal Summary}},
	year = {2003},
	url = {http://samizdat.mines.edu/howto/HowToBeAProgrammer.html?x},
	note = {Online; accessed 1-December-2013}
}

@misc{mthread,
	author = {{Dave Marshall}},
	title = {Threads: Basic Theory and Libraries},
	year = {1999},
	url = {http://www.cs.cf.ac.uk/Dave/C/node29.html},
	note = {Online; accessed 11-December-2013},
}

@misc{vogella,
	author = {Lars Vogel},
	title = {{Android Intents - Tutorial}},
	year = {2013},
	url = {http://www.vogella.com/articles/AndroidIntent/article.html},
	note = {Online; accessed 12-December-2013}
}

@book{blackboard,
	author = {Robert Englemore and Tony Morgan},
	title = {Blackboard Systems},
	year = {1988},
	publisher = {Addison-Wesley}
}

@InProceedings{blackboard2,
  author = 		 {B. Hayes-Roth},
  title = 		 {A blackboard architecture for control},
  booktitle = {Artificial Intelligence},
  year = 	 {1985},
}

@misc{pumps,
	author = {Gas Station without Pumps},
	title = {Critiquing Code},
	year = {2013},
	url = {http://gasstationwithoutpumps.wordpress.com/2013/11/08/critiquing-code/},
	note = {Online; accessed 12-December-2013}
}

@InProceedings{p2p,
	author = {R\"udinger Schollmeier},
	title = {{ A Definition of Peer-to-Peer Networking for the Classification of Peer-to-Peer Architectures and Applications}},
	year = {2002},
	booktitle = {Proceedings of the First International Conference on Peer-to-Peer Computing},
	publisher = {IEEE}
}

@book{p2p2,
	author = {Xuemin Shen and Heather Yu and John Buford and Mursalin Akon},
	title = {{Handbook of Peer-to-Peer Networking}},
	year = {2009},
	publisher = {Springer},
	isbn =  {0-387-09750-3}
}

@misc{android:button,
	author = {Android Developer Guide},
	title = {Android Reference: Widgets: Button},
	year = {2013},
	howpublished = {\url {http://developer.android.com/reference/android/widget/Button.html}}
}

@misc{coalesce,
	author = {Nate Anderson},
	title = {How OS X ``Mavericks'' works its power-saving magic},
	year = {2013},
	url = {http://arstechnica.com/apple/2013/06/how-os-x-mavericks-works-its-power-saving-magic/}
}

@misc{ntfsacl,
	author = {Brian Dewey},
	title = {{Understanding ACLs in NTFS}},
	year = {2004},
	url = {http://blogs.msdn.com/b/brian_dewey/archive/2004/01/20/60902.aspx},
	note = {Online; accessed 13-December-2013}
}

@misc{commit,
	author = {Peter Hutterer},
	title = {On commit messages},
	year = {2009},
	url = {http://who-t.blogspot.com/2009/12/on-commit-messages.html},
	note = {Online; accessed 21-December-2013}
}

@misc{ody,
	author = {Steve Ody},
	title = {{Timers in Android}},
	year = {2009},
	url = {http://steve.odyfamily.com/?p=12},
	note = {Online; accessed 21-December-2013}
}

@misc{moz:sr,
	author = {Mozilla.org},
	title = {{Super-Review Policy}},
	year = {2012},
	url = {http://www.mozilla.org/hacking/reviewers.html},
	note = {Online; accessed 21-December-2013}
}

@misc{moz:cr,
	author = {Mozilla Developer Network},
	title = {{Code Review FAQ}},
	year = {2013},
	url = {https://developer.mozilla.org/en/Code_Review_FAQ},
	note = {Online; accessed 21-December-2013}
}

@misc{gerrit,
	author = {Don Marti},
	title = {Gerrit: Google-style code review meets git},
	year = {2009},
	url = {http://lwn.net/Articles/359489/},
	note = {Online; accessed 21-December-2013}
}

@misc{android:testwhat,
	author = {Android Developer Guide},
	title = {{What To Test}},
	year = {2013},
	url = {http://developer.android.com/tools/testing/what_to_test.html},
	note = {Online; accessed 21-December-2013}
}

@misc{techcrunch,
	author = {Kim-Mai Cutler},
	title = {How Do Top Android Developers QA Test Their Apps?},
	year = {2012},
	url = {http://techcrunch.com/2012/06/02/android-qa-testing-quality-assurance},
	note = {Online; accessed 21-December-2013}
}

@misc{eclipse:bp,
	author = {Prakash G. R.},
	title = {{Types of Breakpoints in Eclipse}},
	year = {2013},
	url = {http://www.eclipse-tips.com/tips/29-types-of-breakpoints-in-eclipse},
	note = {Online; accessed 21-December-2013}
}

@misc{fdiv,
	author = {Thomas R. Nicely},
	title = {{Pentium FDIV flaw}},
	year = {2011},
	url = {http://www.trnicely.net/pentbug/pentbug.html},
	note = {Online; accessed 15-May-2013}
}

@misc{fsf:bugs,
	author = {Free Software Foundation, Inc.},
	title = {{How to Minimize Test Cases for Bugs}},
	year = {2012},
	url = {http://gcc.gnu.org/bugs/minimize.html},
	note = {Online; accessed 16-May-2013}
}

@misc{ref:extmeth,
	author = {Alvin Alexander},
	title = {A Java ``extract method'' refactoring example},
	year = {2013},
	url = {http://www.devdaily.com/java/refactoring-extract-method-java-example},
	note = {Online; accessed 21-December-2013}
}

@misc{ref:repconst,
	author = {Martin Fowler},
	title = {{Replace Magic Number with Symbolic Constant}},
	year = {1999},
	url = {http://www.refactoring.com/catalog/replaceMagicNumberWithSymbolicConstant.html},
	note = {Online; accessed 21-December-2013}
}

@misc{wiki:refactoring,
	author = {Wikimedia Foundation},
	title = {Code refactoring},
	year = {2013},
	url = {http://en.wikipedia.org/wiki/Code_refactoring},
	note = {Online; accessed 22-March-2011}
}


@misc{ref:pullup,
	author = {Martin Fowler},
	title = {{Pull Up Method}},
	year = {1999},
	url = {http://www.refactoring.com/catalog/pullUpMethod.html},
	note = {Online; accessed 4-July-2011}
}

@misc{ref:pushdown,
	author = {Martin Fowler},
	title = {{Push Down Method}},
	year = {1999},
	url = {http://www.refactoring.com/catalog/pushDownMethod.html},
	note = {Online; accessed 4-July-2011}
}

@misc{ref:inline,
	author = {Martin Fowler},
	title = {{Inline Class}},
	year = {1999},
	url = {http://www.refactoring.com/catalog/inlineClass.html},
	note = {Online; accessed 4-July-2011}
} 

@misc{blackwasp,
	author = {Richard Carr},
	title = {Gang of Four Design Patterns},
	year = {2009},
	url = {http://www.blackwasp.co.uk/GofPatterns.aspx},
	note = {Online; accessed 21-December-2013}
}

@book{gof,
	author = {Erich Gamma and Richard Helm and Ralph Johnson and John Vlissides},
	title = {Design Patterns: Elements of Reusable Object-Oriented Software},
	year = {1994},
	publisher = {Addison-Wesley Professional},
	isbn = {978-0201633610}
}

@book{mozlic,
	author = {Andrew. M. St. Laurent},
	title = {Understanding Open Source \& Free Software Licensing},
	year = {2004},
	publisher = {O'Reilly Media},
	isbn = {978-0-596-00581-8}
}

@book{relman,
	author = {K. Roebuck},
	title = {Release Management},
	year = {2011},
	publisher = {Emereo Pty Limited}
}

@misc{outlaw,
	author = {Pinsent Masons LLP},
	title = {Software maintenance agreements},
	year = {2008},
	url = {http://www.out-law.com/page-480},
	note = {Online; accessed 23-December-2013}
}

@article{jzthesis,
  title= {{Method-Specific Access Control in Java via Proxy Objects using Annotations}},
	year = {2010},
	url = {https://uwspace.uwaterloo.ca/handle/10012/5054},

  author={Zarnett, Jeffrey}
}

@misc{cisco,
	author = {Cisco Systems},
	title = {What Is the Difference: Viruses, Worms, Trojans, and Bots?},
	url = {http://www.cisco.com/web/about/security/intelligence/virus-worm-diffs.html},
	year = {2013},
	note = {Online; accessed 23-December-2013}
}

@misc{tenvirus,
	author = {Jonathan Strickland},
	title = {{10 Worst Computer Viruses of All Time}},
	url = {http://computer.howstuffworks.com/worst-computer-viruses.htm},
	year = {2008},
	note = {Online; accessed 23-December-2013}
}

@misc{backor,
	author = {Symantec},
	title = {{Information on Back Orifice and NetBus}},
	year = {2010},
	url = {http://www.symantec.com/avcenter/warn/backorifice.html},
	note = {Online; accessed 24-December-2013}
}

@misc{uml:pkg,
	author = {Kirill Fakhroutdinov},
	title = {{UML Package Diagrams Notation}},
	year = {2013},
	url = {http://www.uml-diagrams.org/package-diagrams.html},
	note = {Online; accessed 24-December-2013}
}

@misc{uml:omg,
	author = {Object Management Group},
	title = {{OMG Unified Modeling Language (OMG UML),  Infrastructure, V2.1.2}},
	year = {2007},
	url = {http://www.omg.org/spec/UML/2.1.2/Infrastructure/PDF/},
	note = {Online; accessed 3-December-2013}
}

@misc{uml:prac,
	author = {Randy Miller},
	title = {Practical UML: A Hands-On Introduction for Developers},
	year = {2003},
	url = {http://edn.embarcadero.com/article/31863},
	note = {Online; accessed 23-December-2013}
}

@misc{uml:com,
	author = {Kirill Fakhroutdinov},
	title = {UML Communication Diagrams Overview},
	year = {2013},
	url = {http://www.uml-diagrams.org/communication-diagrams.html},
	note = {Online; accessed 24-December-2013}
}


@misc{uml:time,
	author = {Kirill Fakhroutdinov},
	title = {Timing Diagrams},
	year = {2013},
	url = {http://www.uml-diagrams.org/timing-diagrams.html},
	note = {Online; accessed 24-December-2013}
}

@misc{pantest,
	author = {Jiantao Pan},
	title = {Software Testing},
	year = {1999},
	url = {https://www.ece.cmu.edu/~koopman/des_s99/sw_testing/},
	note = {Online; accessed 26-December-2013}
}

@misc{nist,
	author = {NIST},
	title = {{Software errors cost U.S. economy \$59.5 billion annually}},
	year = {2002},
	url = {http://www.abeacha.com/NIST_press_release_bugs_cost.htm},
	note = {Online; accessed 26-December-2013}
}	

@book{codecomplete,
	author = {Steve McConnell},
	title = {Code Complete, 2nd Edition},
	year = {2004},
	publisher = {Microsoft Press},
	isbn = {0-7356-1967-0}
}

@misc{magneto,
	author = {C. T. Russell and R. C. Snare and J.D. Means and D. Pierce and D. Dearborn, M. Larson and G. Barr and G. Le},
	title = {THE GGS/POLAR MAGNETIC FIELDS INVESTIGATIONS},
	year = {1995},
	url = {http://www-ssc.igpp.ucla.edu/personnel/russell/papers/ggs-polar/},
	note = {Online; accessed 27-December-2013}
}

@misc{svnbook,
	author = {Ben Collins-Sussman and Brian W. Fitzpatrick and C. Michael Pilato},
	title = {Version Control Basics},
	year = {2011},
	url = {http://svnbook.red-bean.com/en/1.6/svn.basic.version-control-basics.html},
	note = {Online; accessed 27-December-2013}
}

@misc{fda,
	author = {John F. Murray},
	title = {{Cybersecurity for Networked Medical Devices Containing Off-the-Shelf (OTS) Software}},
	year = {2005},
	url = {http://www.fda.gov/downloads/MedicalDevices/DeviceRegulationandGuidance/GuidanceDocuments/ucm077823.pdf},
	note = {Online; accessed 28-December-2013}
}


@InProceedings{nsb,
  author = 		 {Fredrick P. Brooks},
  title = 		 {No Silver Bullet: Essence and Accidents of Software Engineering},
  booktitle = {Proceedings of the IFIP Tenth World Computing Conference},
  year = 	 1986}
}

@book{lof,
	author = {Dietrich D{\"o}rner},
	title = {The Logic of Failure},
	year = {1997},
	publisher = {Basic Books},
	isbn = {978-0201479485}
}

@book{lofde,
	author = {Dietrich D{\"o}rner},
	title = {Die Logik des Mi{\ss}lingens},
	year = {1989},
	publisher = {Rowholt Verlag},
}

@book{thf,
	author = {Kim Vicente},
	title = {The Human Factor},
	year = {2004},
	publisher = {Knopf Canada},
	isbn = {0-415-97064-4}
}


@misc{android:backstack,
	author = {Android Developer Guide},
	title = {Android Reference: Fundamentals: Backstack},
	year = {2013},
	howpublished = {\url {http://developer.android.com/images/fundamentals/diagram_backstack.png}},
   note = {Online; accessed 18-January-2013}
}

@misc{android:multitasking,
	author = {Android Developer Guide},
	title = {Android Reference: Fundamentals: Multitasking},
	year = {2013},
	howpublished = {\url {http://developer.android.com/images/fundamentals/diagram_multitasking.png}},
   note = {Online; accessed 18-January-2013}
}

@misc{android:lifecycle,
	author = {Android Developer Guide},
	title = {Android Reference: Basics: Lifecycle},
	year = {2013},
	howpublished = {\url {http://developer.android.com/images/training/basics/basic-lifecycle.png}},
   note = {Online; accessed 18-January-2013}
}

@misc{sqlite,
	author = {{SQLite}},
	title = {{About SQLite}},
	year = {2014},
	howpublished = {\url{http://sqlite.org/about.html}},
   note = {Online; accessed 12-April-2014}
}

@misc{android:graphics,
	author = {Android Developer Guide},
	title = {Canvas and Drawables},
	year = {2013},
	howpublished = {\url {http://developer.android.com/guide/topics/graphics/2d-graphics.html}},
   note = {Online; accessed 18-January-2013}
}

@book{dswj,
 author = {John R. Hubbard},
 title = {Data Structures with Java},
 year = {2001},
 isbn = {0-07-136128-6},
 publisher = {McGraw Hill},
} 

@misc{oracle:exceptions,
	author = {Oracle},
	title = {Lesson: Exceptions},
	year = {1995-2014},
	howpublished = {\url {http://docs.oracle.com/javase/tutorial/essential/exceptions/index.html}},
   note = {Online; accessed 16-April-2014}
}

@misc{oracle:annotations,
	author = {Oracle},
	title = {Annotation Basics},
	year = {1995-2014},
	howpublished = {\url {http://docs.oracle.com/javase/tutorial/java/annotations/basics.html}},
   note = {Online; accessed 16-April-2014}
}

@misc{oracle:streams,
author = {Oracle},
	title = {I/O Streams},
	year = {1995-2014},
	howpublished = {\url {http://docs.oracle.com/javase/tutorial/essential/io/streams.html}},
   note = {Online; accessed 16-April-2014}
}

@misc{android:network1,
author = {Android Developer Guide},
	title = {Performing Network Operations},
	year = {2014},
	howpublished = {\url {https://developer.android.com/training/basics/network-ops/index.html}},
   note = {Online; accessed 17-April-2014}
}

@misc{android:network2,
author = {Android Developer Guide},
	title = {Transferring Data Without Draining the Battery},
	year = {2014},
	howpublished = {\url {https://developer.android.com/training/efficient-downloads/index.html}},
   note = {Online; accessed 17-April-2014}
}

@misc{android:cloudsync,
author = {Android Developer Guide},
	title = {Syncing to the Cloud},
	year = {2014},
	howpublished = {\url {https://developer.android.com/training/cloudsync/index.html}},
   note = {Online; accessed 17-April-2014}
}

@misc{android:cloudsync2,
author = {Android Developer Guide},
	title = {Resolving Cloud Save Conflicts},
	year = {2014},
	howpublished = {\url {https://developer.android.com/training/cloudsave/conflict-res.html}},
   note = {Online; accessed 17-April-2014}
}

@misc{asynctask,
author = {Android Developer Guide},
	title = {{AsyncTask}},
	year = {2014},
	howpublished = {\url {http://developer.android.com/reference/android/os/AsyncTask.html}},
   note = {Online; accessed 17-April-2014}
}

@misc{httpurl,
author = {Android Developer Guide},
	title = {{HttpURLConnection}},
	year = {2014},
	howpublished = {\url {https://developer.android.com/reference/java/net/HttpURLConnection.html}},
   note = {Online; accessed 17-April-2014}
}


@misc{java:abstract,
	author = {Oracle},
	title = {Abstract Methods and Classes},
	year = {1995-2014},
	howpublished = {\url {http://docs.oracle.com/javase/tutorial/java/IandI/abstract.html}},
   note = {Online; accessed 21-April-2014}
}

@misc{broadcastreceiver,
	author = {William J. Francis},
	title = {An Android coder's introduction to broadcast receivers},
	year = {2012},
	howpublished = {\url {http://www.techrepublic.com/blog/software-engineer/an-android-coders-introduction-to-broadcast-receivers/1173/}},
   note = {Online; accessed 23-April-2014}
}

@misc{hackerdiet,
	author = {John Walker},
	title = {The Hacker's Diet},
	year = {2005},
	howpublished = {\url {https://www.fourmilab.ch/hackdiet/e4/}},
   note = {Online; accessed 2-December-2014}
}

@misc{pathfinder,
    author = {Mike Jones},
    title = {What really happened on Mars?},
    year = {1997},
    howpublished = {\url{http://research.microsoft.com/en-us/um/people/mbj/mars_pathfinder/mars_pathfinder.html}},
    note = {Online; accessed 11-December-2014}
}

@misc{jenkov,
    author = {Jakob Jenkov},
    title = {Java Synchronized Blocks},
    year = {2014},
    howpublished = {\url{http://tutorials.jenkov.com/java-concurrency/synchronized.html}},
    note = {Online; accessed 14-December-2014}
}

@misc{java:set,
	author = {Oracle},
	title = {Set (Java Platform SE 7)},
	year = {1995-2014},
	howpublished = {\url {http://docs.oracle.com/javase/7/docs/api/java/util/Set.html}},
   note = {Online; accessed 29-December-2014}
}

@misc{cofvar,
    author = {Jeff Sauro},
    title = {Fundamentals of Statistics 1: Basic Concepts :: The Standard Deviation and Coefficient of Variation},
    year = {2000-2014},
    howpublished = {\url {http://www.usablestats.com/lessons/sdcv}},
    note = {Online; accessed 29-December-2014}
}

@misc{xkcd:significance,
    author = {Randall Munroe},
    title = {Significant},
    year = {2014},
    howpublished = {\url {http://xkcd.com/882/}},
    note = {Online; accessed 21-December-2014}
}

@book{profengbook,
	author = {Gordon C. Andrews and J. Dwight Aplevich and Roydon A. Fraser and Carolyn MacGregor},
	title = {Introduction to Professional Engineering in Canada, Third Edition},
	year = {2008},
	publisher = {Pearson Education Canada}
}

@misc{reviewcl,
    author = {Gareth Wilson},
    title = {Stop More Bugs with our Code Review Checklist},
    year = {2015},
    howpublished = {\url {http://blog.fogcreek.com/increase-defect-detection-with-our-code-review-checklist-example/}},
    note = {Online; accessed 09-January-2015}
}
